@incollection{auer2007dbpedia,
  title={Dbpedia: A nucleus for a web of open data},
  author={Auer, S{\"o}ren and Bizer, Christian and Kobilarov, Georgi and Lehmann, Jens and Cyganiak, Richard and Ives, Zachary},
  booktitle={The semantic web},
  year={2007},
}

@inproceedings{bollacker2008freebase,
  title={Freebase: a collaboratively created graph database for structuring human knowledge},
  author={Bollacker, Kurt and others},
  booktitle={ACM SIGMOD},
  pages={1247--1250},
  year={2008},
}

@inproceedings{suchanek2007yago,
  title={Yago: a core of semantic knowledge},
  author={Suchanek, Fabian M and others},
  booktitle={WWW},
  pages={697--706},
  year={2007},
}

@inproceedings{wang2010timely,
  title={Timely yago: harvesting, querying, and visualizing temporal knowledge from wikipedia},
  author={Wang, Yafang and others},
  booktitle={13th International Conference on Extending Database Technology},
  pages={697--700},
  year={2010},
}

@inproceedings{yih2015semantic,
  title={Semantic parsing via staged query graph generation: Question answering with knowledge base},
  author={Yih, Wen-tau and others},
  booktitle={ACL},
  year={2015}
}

@inproceedings{luo2016temporal,
  title={Improving First Order Temporal Fact Extraction with Unreliable Data},
  author={Luo, Bingfeng and Feng, Yansong and Zhao, Dongyan},
  booktitle={NLPCC},
  year={2016},
}

@article{dhingra2016end,
  title={End-to-End Reinforcement Learning of Dialogue Agents for Information Access},
  author={Dhingra, Bhuwan and others},
  journal={arXiv preprint arXiv:1609.00777},
  year={2016}
}

@inproceedings{zeng2015distant,
  title={Distant Supervision for Relation Extraction via Piecewise Convolutional Neural Networks},
  author={Zeng, Daojian and others},
  year={2015},
  booktitle={EMNLP}
}

@inproceedings{pennington2014glove,
  title={Glove: Global Vectors for Word Representation.},
  author={Pennington, Jeffrey and Socher, Richard and Manning, Christopher D},
  booktitle={EMNLP},
  volume={14},
  pages={1532--1543},
  year={2014}
}

@inproceedings{mintz2009distant,
  title={Distant supervision for relation extraction without labeled data},
  author={Mintz, Mike and others},
  booktitle={ACL},
  year={2009},
}

@inproceedings{hoffmann2011knowledge,
  title={Knowledge-based weak supervision for information extraction of overlapping relations},
  author={Hoffmann, Raphael and others},
  booktitle={Proceedings of ACL},
  year={2011},
}

@inproceedings{surdeanu2012multi,
  title={Multi-instance multi-label learning for relation extraction},
  author={Surdeanu, Mihai and others},
  booktitle={EMNLP-CoNLL},
  pages={455--465},
  year={2012},
}

@inproceedings{takamatsu2012reducing,
  title={Reducing wrong labels in distant supervision for relation extraction},
  author={Takamatsu, Shingo and Sato, Issei and Nakagawa, Hiroshi},
  booktitle={ACL},
}

@inproceedings{Ji2011Overview,
  title={Overview of the TAC2011 Knowledge Base Population Track},
  author={Ji, Heng and Grishman, Ralph and Dang, Hoa},
  booktitle={Text Analysis Conference},
  year={2011},
}

@misc{dang2013task,
  title={Task description for knowledge-base population at TAC 2013},
  author={Dang, Hoa Trang and Surdeanu, Mihai},
  year={2013},
  publisher={TAC}
}

@inproceedings{artiles2011cuny,
  title={CUNY BLENDER TACKBP2011 Temporal Slot Filling System Description},
  author={Artiles, Javier and others},
  booktitle={TAC},
  year={2011}
}

@article{sil2014temporal,
  title={Temporal scoping of relational facts based on Wikipedia data},
  author={Sil, Avirup and Cucerzan, Silviu},
  journal={CoNLL-2014},
  pages={109},
  year={2014}
}

@inproceedings{verhagen2007semeval,
  title={Semeval-2007 task 15: Tempeval temporal relation identification},
  author={Verhagen, Marc and others},
  booktitle={4th International Workshop on Semantic Evaluations},
  pages={75--80},
  year={2007},
}

@inproceedings{pustejovsky2009semeval,
  title={SemEval-2010 task 13: evaluating events, time expressions, and temporal relations (TempEval-2)},
  author={Pustejovsky, James and Verhagen, Marc},
  booktitle={Workshop on Semantic Evaluations: Recent Achievements and Future Directions},
  pages={112--116},
  year={2009},
  organization={Association for Computational Linguistics}
}

@inproceedings{mani2006machine,
  title={Machine learning of temporal relations},
  author={Mani, Inderjeet and others},
  booktitle={ACL},
  year={2006},
}

@inproceedings{yoshikawa2009jointly,
  title={Jointly identifying temporal relations with markov logic},
  author={Yoshikawa, Katsumasa and others},
  booktitle={ACL-IJCNLP},
  year={2009},
}

@inproceedings{sukhbaatar2014training,
  title={Training convolutional networks with noisy labels},
  author={Sukhbaatar, Sainbayar and others},
  booktitle=ICLR},
  year={2015}
}

@article{torralba200880,
  title={80 million tiny images: A large data set for nonparametric object and scene recognition},
  author={Torralba, Antonio and Fergus, Rob and Freeman, William T},
  journal={IEEE PAMI},
  volume={30},
  number={11},
  pages={1958--1970},
  year={2008},
}

@inproceedings{misra2016seeing,
  title={Seeing through the Human Reporting Bias: Visual Classifiers from Noisy Human-Centric Labels},
  author={Misra, Ishan and others},
  booktitle={CVPR},
  pages={2930--2939},
  year={2016}
}

@article{chen2015microsoft,
  title={Microsoft COCO captions: Data collection and evaluation server},
  author={Chen, Xinlei and others},
  journal={arXiv preprint arXiv:1504.00325},
  year={2015}
}

@inproceedings{lin2016neural,
  title={Neural relation extraction with selective attention over instances},
  author={Lin, Yankai and others},
  booktitle={ACL},
  volume={1},
  pages={2124--2133},
  year={2016}
}

@article{reed2014training,
  title={Training deep neural networks on noisy labels with bootstrapping},
  author={Reed, Scott and others},
  journal={arXiv preprint arXiv:1412.6596},
  year={2014}
}

@inproceedings{chen2015webly,
  title={Webly supervised learning of convolutional networks},
  author={Chen, Xinlei and Gupta, Abhinav},
  booktitle={ICCV},
  pages={1431--1439},
  year={2015}
}

@inproceedings{xiao2015learning,
  title={Learning from massive noisy labeled data for image classification},
  author={Xiao, Tong and others},
  booktitle={CVPR},
  pages={2691--2699},
  year={2015}
}

@inproceedings{fang2016learning,
  title={Learning when to trust distant supervision: An application to low-resource POS tagging using cross-lingual projection},
  author={Fang, Meng and Cohn, Trevor},
  booktitle={SIGNLL Conference on Computational Natural Language Learning},
  year={2016}
}

@inproceedings{bast2015more,
  title={More accurate question answering on freebase},
  author={Bast, Hannah and Haussmann, Elmar},
  booktitle={Proceedings of the 24th ACM International on Conference on Information and Knowledge Management},
  pages={1431--1440},
  year={2015},
  organization={ACM}
}

@inproceedings{riedel2010modeling,
  title={Modeling relations and their mentions without labeled text},
  author={Riedel, Sebastian and Yao, Limin and McCallum, Andrew},
  booktitle={Joint European Conference on Machine Learning and Knowledge Discovery in Databases},
  pages={148--163},
  year={2010},
  organization={Springer}
}

@inproceedings{min2013distant,
  title={Distant Supervision for Relation Extraction with an Incomplete Knowledge Base.},
  author={Min, Bonan and others},
  booktitle={HLT-NAACL},
  pages={777--782},
  year={2013}
}

@article{ritter2013modeling,
  title={Modeling missing data in distant supervision for information extraction},
  author={Ritter, Alan and others},
  journal={Transactions of the Association for Computational Linguistics},
  volume={1},
  pages={367--378},
  year={2013}
}

@inproceedings{xu2013filling,
  title={Filling Knowledge Base Gaps for Distant Supervision of Relation Extraction.},
  author={Xu, Wei and others},
  booktitle={ACL},
  pages={665--670},
  year={2013}
}

@article{vrandevcic2014wikidata,
  title={Wikidata: a free collaborative knowledgebase},
  author={Vrande{\v{c}}i{\'c}, Denny and Kr{\"o}tzsch, Markus},
  journal={Communications of the ACM},
  volume={57},
  number={10},
  pages={78--85},
  year={2014},
  publisher={ACM}
}

@inproceedings{read2005using,
  title={Using emoticons to reduce dependency in machine learning techniques for sentiment classification},
  author={Read, Jonathon},
  booktitle={The ACL student research workshop},
  pages={43--48},
  year={2005},
  organization={Association for Computational Linguistics}
}

@article{go2009twitter,
  title={Twitter sentiment classification using distant supervision},
  author={Go, Alec and Bhayani, Richa and Huang, Lei},
  journal={CS224N Project Report, Stanford},
  volume={1},
  number={12},
  year={2009}
}

@inproceedings{ritter2011named,
  title={Named entity recognition in tweets: an experimental study},
  author={Ritter, Alan and others},
  booktitle={EMNLP},
  pages={1524--1534},
  year={2011},
  organization={Association for Computational Linguistics}
}

@inproceedings{bengio2009curriculum,
  title={Curriculum learning},
  author={Bengio, Yoshua and others},
  booktitle={ICML},
  pages={41--48},
  year={2009},
  organization={ACM}
}

@techreport{parker2011english,
  title={English Gigaword fifth edition, linguistic data consortium},
  author={Parker, Robert and others},
  year={2011},
  institution={Linguistic Data Consortium, Philadelphia}
}

@inproceedings{mikolov2013distributed,
  title={Distributed representations of words and phrases and their compositionality},
  author={Mikolov, Tomas and ohters},
  booktitle={NIPS},
  pages={3111--3119},
  year={2013}
}

@inproceedings{duong2014can,
  title={What Can We Get From 1000 Tokens? A Case Study of Multilingual POS Tagging For Resource-Poor Languages.},
  author={Duong, Long and Cohn, Trevor and Verspoor, Karin and Bird, Steven and Cook, Paul},
  booktitle={EMNLP},
  pages={886--897},
  year={2014},
  organization={Citeseer}
}
